<?xml version="1.0" encoding="UTF-8"?>
<record xmlns="http://www.loc.gov/MARC21/slim">
   <leader>00608cam a2200169Ma 4500</leader>
   <controlfield tag="001">6418757</controlfield>
   <controlfield tag="003">NjP</controlfield>
   <controlfield tag="005">20190306171206.0</controlfield>
   <controlfield tag="008">961023s1962    iq            000 0 ara d</controlfield>
   <datafield tag="024" ind1="7" ind2=" ">
      <subfield code="a">princeton_aco004187</subfield>
      <subfield code="2">local</subfield>
   </datafield>
   <datafield ind1=" " ind2=" " tag="035">
      <subfield code="a">(OCoLC)ocm83425061</subfield>
   </datafield>
   <datafield ind1=" " ind2=" " tag="040">
      <subfield code="a">MH</subfield>
      <subfield code="c">HLS</subfield>
      <subfield code="d">NjP</subfield>
   </datafield>
   <datafield ind1=" " ind2=" " tag="035">
      <subfield code="a">(OCoLC)83425061</subfield>
   </datafield>
   <datafield ind1="2" ind2=" " tag="110">
      <subfield code="a">Lajnah al-ʻUlyā li-Iḥtifālāt 14 Tammūz (Iraq)</subfield>
   </datafield>
   <datafield ind1="1" ind2="0" tag="245">
      <subfield code="a">Thawrat 14 Tammūz fī ʻāmihā al-rābiʻ.</subfield>
   </datafield>
   <datafield ind1=" " ind2=" " tag="260">
      <subfield code="a">Baghdād :</subfield>
      <subfield code="b">Zinkū Krāf wa-Maṭbaʻat al-Rābiṭah,</subfield>
      <subfield code="c">1962.</subfield>
   </datafield>
   <datafield ind1=" " ind2=" " tag="300">
      <subfield code="a">589 p.</subfield>
      <subfield code="c">24 cm.</subfield>
   </datafield>
   <datafield ind1=" " ind2="0" tag="651">
      <subfield code="a">Iraq</subfield>
      <subfield code="x">History</subfield>
      <subfield code="y">1958-</subfield>
      <subfield code="0">http://id.loc.gov/authorities/subjects/sh85067952</subfield>
   </datafield>
   <datafield ind1=" " ind2=" " tag="902">
      <subfield code="a">mh</subfield>
      <subfield code="b">r</subfield>
      <subfield code="6">a</subfield>
      <subfield code="7">m</subfield>
      <subfield code="d">v</subfield>
      <subfield code="f">0</subfield>
      <subfield code="e">20110216</subfield>
   </datafield>
   <datafield ind1="8" ind2=" " tag="852">
      <subfield code="0">3512725</subfield>
      <subfield code="b">rcppa</subfield>
      <subfield code="h">2251.556.4</subfield>
      <subfield code="x">tr fr f</subfield>
   </datafield>
   <datafield ind1=" " ind2=" " tag="959">
      <subfield code="a">2000-06-13 00:00:00 -0500</subfield>
   </datafield>
</record>
